

@online{cppreference:fscanf,
	author       = {{cppreference.com}},
	title        = {\texttt{fscanf}},
	year         = {2025},
	url          = {https://en.cppreference.com/w/c/io/fscanf.html},
	note         = {Accessed: 2025-08-20}
}

@online{cppreference:vfscanf,
	author       = {{cppreference.com}},
	title        = {\texttt{vfscanf}},
	year         = {2025},
	url          = {https://en.cppreference.com/w/c/io/vfscanf.html},
	note         = {Accessed: 2025-08-20}
}

@online{cppreference:fprintf,
	author       = {{cppreference.com}},
	title        = {\texttt{fprintf}},
	year         = {2025},
	url          = {https://en.cppreference.com/w/c/io/fprintf.html},
	note         = {Accessed: 2025-08-20}
}

@online{cppreference:vfprintf,
	author       = {{cppreference.com}},
	title        = {\texttt{vfprintf}},
	year         = {2025},
	url          = {https://en.cppreference.com/w/c/io/vfprintf.html},
	note         = {Accessed: 2025-08-20}
}

@online{cppreference:arithmetic_types,
	author       = {{cppreference.com}},
	title        = {Arithmetic types --- {Boolean type}},
	year         = {2025},
	url          = {https://en.cppreference.com/w/c/language/arithmetic_types.html#Boolean_type},
	note         = {Accessed: 2025-08-20}
}

@online{cppreference:std_streams,
	author       = {{cppreference.com}},
	title        = {std-streams},
	year         = {2025},
	url          = {https://en.cppreference.com/w/c/io/std_streams.html},
	note         = {Accessed: 2025-08-20}
}