@book{Burden2017,
  title={An{\'a}lisis num{\'e}rico},
  author={Burden, Richard L. and Faires, J. Douglas and Burden, Annette M.},
  edition={D{\'e}cima},
  publisher={Cengage Learning},
  year={2017},
  isbn={978-607-526-033-5}
}
